<mx:record xmlns="http://www.w3.org/TR/xhtml1/strict" xmlns:mx="http://www.loc.gov/MARC21/slim" xmlns:xsi="http://www.w3.org/2001/XMLSchema-instance"><mx:leader>00037nz  2200037n  45 0</mx:leader><mx:controlfield tag="001">oca06727542 </mx:controlfield><mx:controlfield tag="005">20050909071020.0</mx:controlfield><mx:controlfield tag="008">050830n| acannaabn          |a aaa     c</mx:controlfield><mx:datafield ind1=" " ind2=" " tag="010"><mx:subfield code="a">no2005083739</mx:subfield></mx:datafield><mx:datafield ind1=" " ind2=" " tag="035"><mx:subfield code="a">(OCoLC)oca06727542</mx:subfield></mx:datafield><mx:datafield ind1=" " ind2=" " tag="040"><mx:subfield code="a">MoSU</mx:subfield><mx:subfield code="b">eng</mx:subfield><mx:subfield code="c">MoSU</mx:subfield></mx:datafield><mx:datafield ind1="0" ind2=" " tag="100"><mx:subfield code="a">Eccardus,</mx:subfield><mx:subfield code="c">de Uraugia,</mx:subfield><mx:subfield code="d">ca. 1050-ca. 1125</mx:subfield></mx:datafield><mx:datafield ind1="0" ind2=" " tag="400"><mx:subfield code="a">Ekkehardus,</mx:subfield><mx:subfield code="c">Uraugiensis,</mx:subfield><mx:subfield code="d">ca. 1050-ca. 1125</mx:subfield></mx:datafield><mx:datafield ind1="0" ind2=" " tag="400"><mx:subfield code="a">Ekkehardus,</mx:subfield><mx:subfield code="c">Abbot of Aura,</mx:subfield><mx:subfield code="d">ca. 1050-ca. 1125</mx:subfield></mx:datafield><mx:datafield ind1="0" ind2=" " tag="400"><mx:subfield code="a">Eccardus,</mx:subfield><mx:subfield code="c">de Aura,</mx:subfield><mx:subfield code="d">ca. 1050-ca. 1125</mx:subfield></mx:datafield><mx:datafield ind1="0" ind2=" " tag="400"><mx:subfield code="a">Eccardus,</mx:subfield><mx:subfield code="c">de Auraco,</mx:subfield><mx:subfield code="d">ca. 1050-ca. 1125</mx:subfield></mx:datafield><mx:datafield ind1="0" ind2=" " tag="400"><mx:subfield code="a">Eccardus,</mx:subfield><mx:subfield code="c">Traugiensis,</mx:subfield><mx:subfield code="d">ca. 1050-ca. 1125</mx:subfield></mx:datafield><mx:datafield ind1="0" ind2=" " tag="400"><mx:subfield code="a">Eccardus,</mx:subfield><mx:subfield code="c">Uraugiensis,</mx:subfield><mx:subfield code="d">ca. 1050-ca. 1125</mx:subfield></mx:datafield><mx:datafield ind1="0" ind2=" " tag="400"><mx:subfield code="a">Eccheardo,</mx:subfield><mx:subfield code="c">d&amp;#039;Aura,</mx:subfield><mx:subfield code="d">ca. 1050-ca. 1125</mx:subfield></mx:datafield><mx:datafield ind1="0" ind2=" " tag="400"><mx:subfield code="a">Eckart,</mx:subfield><mx:subfield code="c">Abbas,</mx:subfield><mx:subfield code="d">ca. 1050-ca. 1125</mx:subfield></mx:datafield><mx:datafield ind1="0" ind2=" " tag="400"><mx:subfield code="a">Eckhard,</mx:subfield><mx:subfield code="c">of Aura,</mx:subfield><mx:subfield code="d">ca. 1050-ca. 1125</mx:subfield></mx:datafield><mx:datafield ind1="0" ind2=" " tag="400"><mx:subfield code="a">Ekkehard,</mx:subfield><mx:subfield code="c">of Aura,</mx:subfield><mx:subfield code="d">ca. 1050-ca. 1125</mx:subfield></mx:datafield><mx:datafield ind1="0" ind2=" " tag="400"><mx:subfield code="a">Ekkehard,</mx:subfield><mx:subfield code="c">of Saint Laurence,</mx:subfield><mx:subfield code="d">ca. 1050-ca. 1125</mx:subfield></mx:datafield><mx:datafield ind1="0" ind2=" " tag="400"><mx:subfield code="a">Gualterus Eckehardus,</mx:subfield><mx:subfield code="d">ca. 1050-ca. 1125</mx:subfield></mx:datafield><mx:datafield ind1="1" ind2=" " tag="400"><mx:subfield code="a">Eckehardus, Gualterus,</mx:subfield><mx:subfield code="d">ca. 1050-ca. 1125</mx:subfield></mx:datafield><mx:datafield ind1="1" ind2=" " tag="400"><mx:subfield code="a">Uraugia, Eccardus de,</mx:subfield><mx:subfield code="d">ca. 1050-ca. 1125</mx:subfield></mx:datafield><mx:datafield ind1=" " ind2=" " tag="670"><mx:subfield code="a">Biblioteca apostolica vaticana. Manuscript. Vat. lat. 829 [MI] between 1951 and 1959</mx:subfield><mx:subfield code="b">(name not given)</mx:subfield></mx:datafield><mx:datafield ind1=" " ind2=" " tag="670"><mx:subfield code="a">Codices Vaticani Latini. Tomus 2, pars 1 (codices 679-1134), 1931:</mx:subfield><mx:subfield code="b">p. 197 (under Vat. lat. 829: Ekkehardus Uraugiensis)</mx:subfield></mx:datafield><mx:datafield ind1=" " ind2=" " tag="670"><mx:subfield code="a">Personennamen des Mittelalters, 2000</mx:subfield><mx:subfield code="b">(Eccardus de Uraugia, also Eccardus de Aura, Eccardus de Auraco, Eccardus Traugiensis, Eccardus Uraugiensis, Eccheardo d&amp;#039;Aura, Eckart Abbas, Gualterus Eckehardus, Eckhard of Aura, Ekkehard of Saint Laurence)</mx:subfield></mx:datafield><mx:datafield ind1=" " ind2=" " tag="670"><mx:subfield code="a">Catholic enc., 1909</mx:subfield><mx:subfield code="b">(Ekkehard of Aura, Benedictine, b. ca. 1050, d. after 1125, abbot of monastery at Aura)</mx:subfield></mx:datafield><mx:datafield ind1=" " ind2=" " tag="999"><mx:subfield code="a">889</mx:subfield></mx:datafield></mx:record>